<?xml version="1.0" encoding="UTF-8"?><collection xmlns="http://www.loc.gov/MARC21/slim"><record><leader>00517nam--2200193-i-4500</leader><controlfield tag="001">000021968</controlfield><controlfield tag="002">20161230</controlfield><controlfield tag="005">20161230201034</controlfield><controlfield tag="008">060222s1000------------r-----000-0-ger-d</controlfield><datafield ind1=" " ind2=" " tag="040"><subfield code="a">IFIN-HH</subfield></datafield><datafield ind1=" " ind2=" " tag="041"><subfield code="a">ger</subfield></datafield><datafield ind1=" " ind2=" " tag="080"><subfield code="a">539.14</subfield></datafield><datafield ind1="1" ind2=" " tag="100"><subfield code="a">Dzelepov, B.S</subfield></datafield><datafield ind1="1" ind2="0" tag="245"><subfield code="a">Der isospin von atomkernen</subfield><subfield code="c">B.s. dzelepov, g.i. selzer, a.i. bas, j.a. smorodinskij</subfield></datafield><datafield ind1=" " ind2=" " tag="260"><subfield code="a">Berlin</subfield><subfield code="b">Akademie-verlag</subfield><subfield code="c">1960</subfield></datafield><datafield ind1=" " ind2=" " tag="300"><subfield code="a">IX+156P</subfield></datafield><datafield ind1="1" ind2=" " tag="700"><subfield code="a">Smorodinskij, J.A</subfield></datafield><datafield ind1=" " ind2=" " tag="852"><subfield code="a">7668</subfield><subfield code="c">539.14</subfield></datafield><datafield ind1=" " ind2=" " tag="CAT"><subfield code="a">Sys</subfield><subfield code="c">20120321</subfield><subfield code="h">104855</subfield></datafield></record></collection>